[gd_resource type="AudioBusLayout" load_steps=14 format=2]

[sub_resource type="AudioEffectReverb" id=1]
resource_name = "Reverb"
room_size = 1.0
damping = 0.26
wet = 0.12

[sub_resource type="AudioEffectLowPassFilter" id=2]
resource_name = "LowPassFilter"
cutoff_hz = 1690.0
resonance = 0.31

[sub_resource type="AudioEffectCompressor" id=3]
resource_name = "Compressor"

[sub_resource type="AudioEffectCompressor" id=4]
resource_name = "Compressor"

[sub_resource type="AudioEffectReverb" id=5]
resource_name = "Reverb"
room_size = 0.9
damping = 0.13
wet = 0.21

[sub_resource type="AudioEffectCompressor" id=6]
resource_name = "Compressor"
threshold = -5.7
ratio = 7.6

[sub_resource type="AudioEffectDelay" id=7]
resource_name = "Delay"

[sub_resource type="AudioEffectBandPassFilter" id=8]
resource_name = "BandPassFilter"
cutoff_hz = 1200.0
resonance = 0.48
db = 1

[sub_resource type="AudioEffectPhaser" id=9]
resource_name = "Phaser"
range_min_hz = 309.7
range_max_hz = 1699.9
rate_hz = 2.499
feedback = 0.8
depth = 0.5

[sub_resource type="AudioEffectReverb" id=10]
resource_name = "Reverb"
room_size = 0.01
damping = 0.4
wet = 0.12

[sub_resource type="AudioEffectCompressor" id=11]
resource_name = "Compressor"
threshold = -8.1
ratio = 8.2
gain = 2.5

[sub_resource type="AudioEffectReverb" id=12]
resource_name = "Reverb"
room_size = 0.55
damping = 0.12
wet = 0.03

[sub_resource type="AudioEffectCompressor" id=13]
resource_name = "Compressor"
threshold = -5.6
ratio = 6.3

[resource]
bus/1/name = "Room"
bus/1/solo = false
bus/1/mute = false
bus/1/bypass_fx = false
bus/1/volume_db = 0.0
bus/1/send = "Master"
bus/1/effect/0/effect = SubResource( 1 )
bus/1/effect/0/enabled = true
bus/1/effect/1/effect = SubResource( 2 )
bus/1/effect/1/enabled = true
bus/1/effect/2/effect = SubResource( 3 )
bus/1/effect/2/enabled = true
bus/2/name = "FX"
bus/2/solo = false
bus/2/mute = false
bus/2/bypass_fx = false
bus/2/volume_db = -2.51026
bus/2/send = "Room"
bus/2/effect/0/effect = SubResource( 4 )
bus/2/effect/0/enabled = true
bus/3/name = "UI"
bus/3/solo = false
bus/3/mute = false
bus/3/bypass_fx = false
bus/3/volume_db = 0.0
bus/3/send = "Master"
bus/3/effect/0/effect = SubResource( 5 )
bus/3/effect/0/enabled = true
bus/3/effect/1/effect = SubResource( 6 )
bus/3/effect/1/enabled = true
bus/4/name = "Ambience"
bus/4/solo = false
bus/4/mute = false
bus/4/bypass_fx = false
bus/4/volume_db = 0.0
bus/4/send = "Room"
bus/4/effect/0/effect = SubResource( 7 )
bus/4/effect/0/enabled = true
bus/5/name = "VO"
bus/5/solo = false
bus/5/mute = false
bus/5/bypass_fx = false
bus/5/volume_db = 0.0
bus/5/send = "Master"
bus/5/effect/0/effect = SubResource( 8 )
bus/5/effect/0/enabled = true
bus/5/effect/1/effect = SubResource( 9 )
bus/5/effect/1/enabled = true
bus/5/effect/2/effect = SubResource( 10 )
bus/5/effect/2/enabled = true
bus/5/effect/3/effect = SubResource( 11 )
bus/5/effect/3/enabled = true
bus/6/name = "Music"
bus/6/solo = false
bus/6/mute = false
bus/6/bypass_fx = false
bus/6/volume_db = -4.50411
bus/6/send = "Master"
bus/6/effect/0/effect = SubResource( 12 )
bus/6/effect/0/enabled = true
bus/6/effect/1/effect = SubResource( 13 )
bus/6/effect/1/enabled = true
